
@ARTICLE{allcock02,
  author = {B. Allcock and J. Bester and J. Bresnahan and A. L. Chervenak and I. Foster and C. Kesselman and S. Meder and V. Nefedova and D. Quesnal and S. Tuecke},
  title = {Data Management and Transfer in High Performance Computational Grid Environments},
  journal = {Parallel Computing Journal},
  year = {2002},
  volume = {28},
  number = {5},
  pages = {749-771},
  month = {May},
  owner = {yuma},
}

@INPROCEEDINGS{kepler,
  author = {I. Altintas and C. Berkley and E. Jaeger and M. Jones and B. Ludäscher and S. Mock},
  title = {Kepler: An Extensible System for Design and Execution of Scientific Workflows},
  booktitle = {16th International Conference on Scientific and Statistical Database Management (SSDBM)},
  year = {2004},
  address = {Santorini Island, Greece},
  month = {June},
  note = {See also \url {http://kepler.ecoinformatics.org/}},
  owner = {yuma},
  url = {http://kepler.ecoinformatics.org/},
}

@INCOLLECTION{ogsadai,
  author = {Malcolm Atkinson and Ann L. Chervenak and Peter Kunszt and Inderpal Narang and Norman W. Paton and Dave Pearson and Arie Shoshani and Paul Watson},
  title = {Data Access, Integration, and Management},
  booktitle = {The Grid 2e, 2nd Edition: Blueprint for a New Computing Infrastructure},
  publisher = {Morgan Kaufmann Publishers, Inc.},
  year = {2003},
  editor = {Ian Foster and Carl Kesselman},
  chapter = {22},
  pages = {391-429},
  note = {See also \url{http://www.ogsadai.org.uk/}},
  owner = {yuma},
  url = {http://www.ogsadai.org.uk/},
}

@ARTICLE{swissprot,
  author = {A. Bairoch and B. Boeckmann and S. Ferro and E. Gasteiger},
  title = {{Swiss-Prot}: juggling between evolution and stability},
  journal = {Briefings in Bioinformatics},
  year = {2004},
  volume = {5},
  number = {1},
  pages = {39-55},
  month = {March},
  note = {See also \url{http://www.ebi.ac.uk/swissprot/}},
  owner = {yuma},
  url = {http://www.ebi.ac.uk/swissprot/},
}

@INCOLLECTION{condor,
  author = {Jim Basney and Miron Livny},
  title = {Deploying a High Throughput Computing Cluster},
  booktitle = {High Performance Cluster Computing, Volume 1: Architectures and Systems},
  publisher = {Prentice Hall PTR},
  year = {1999},
  editor = {Rajkumar Buyya},
  chapter = {5},
  pages = {116-134},
  note = {See also \url{http://www.cs.wisc.edu/condor/}},
  owner = {yuma},
  url = {http://www.cs.wisc.edu/condor/},
}

@ARTICLE{genbank,
  author = {Dennis A. Benson and Ilene Karsch-Mizrachi and David J. Lipman and James Ostell and David L. Wheeler},
  title = {{GenBank}: update},
  journal = {Nucleic Acids Research},
  year = {2004},
  volume = {32(Database issue)},
  pages = {D23-D26},
  note = {See also \url{http://www.ncbi.nlm.nih.gov/Genbank/}},
  owner = {yuma},
  url = {http://www.ncbi.nlm.nih.gov/Genbank/},
}

@TECHREPORT{cima,
  author = {Randall Bramley and Kenneth Chiu and John C. Huffman and Kia Huffman and Donald F. McMullen},
  title = {Instruments and Sensors as Network Services: Making Instrument First Class Members of the Grid},
  institution = {Indiana University, Computer Science Department},
  year = {2003},
  number = {TR588},
  month = {December},
  note = {http://www.cs.indiana.edu/cgi-bin/techreports/TRNNN.cgi?trnum=TR588},
  owner = {yuma},
  url = {http://www.cs.indiana.edu/cgi-bin/techreports/TRNNN.cgi?trnum=TR588},
}

@INPROCEEDINGS{giggle,
  author = {A. Chervenak and E. Deelman and I. Foster and L. Guy and W. Hoschek and A. Iamnitchi and C. Kesselman and P. Kunst and M. Ripeanu and B. Schwartzkopf and H. Stockinger and K. Stockinger and B. Tierney},
  title = {Giggle: A Framework for Constructing Scalable Replica Location Services},
  booktitle = {Proceedings of Supercomputing 2002 (SC2002)},
  year = {2002},
  address = {Baltimore, MD},
  month = {November},
  owner = {yuma},
}

@ARTICLE{datagrid,
  author = {A. Chervenak and I. Foster and C. Kesselman and C. Salisbury and S. Tuecke},
  title = {The Data Grid: Towards an Architecture for the Distributed Management and Analysis of Large Scientific Datasets},
  journal = {Journal of Network and Computer Applications},
  year = {2001},
  volume = {23},
  pages = {187-200},
  note = {See also {The Globus Data Grid Effort} \url{http://www.globus.org/datagrid/}},
  owner = {yuma},
  url = {http://www.globus.org/datagrid/},
}

@ARTICLE{platcom,
  author = {Kwangmin Choi and Yu Ma and Jeong-Hyeon Choi and Sun Kim},
  title = {{PLATCOM} : A Platform for Computational Comparative Genomics},
  journal = {Bioinformatics},
  year = {Accepted},
  note = {See also \url{http://platcom.informatics.indiana.edu/platcom/}},
  owner = {yuma},
  url = {http://platcom.informatics.indiana.edu/platcom/},
}

@INPROCEEDINGS{mcs04,
  author = {Ewa Deelman and Gurmeet Singh and Malcolm P. Atkinson and Ann Chervenak and Neil P Chue Hong and Carl Kesselman and Sonal Patil and Laura Pearlman and Mei-Hui Su},
  title = {Grid-Based Metadata Services},
  booktitle = {16th International Conference on Scientific and Statistical Database Management (SSDBM04)},
  year = {2004},
  month = {June},
  owner = {yuma},
}

@ARTICLE{ogsa,
  author = {Ian Foster and Carl Kesselman and Jeffrey M. Nick and Steven Tuecke},
  title = {Grid Services for Distributed System Integration},
  journal = {Computer},
  year = {2002},
  volume = {35},
  number = {6},
  pages = {37-46},
  month = {June},
  note = {See also \url{http://www.globus.org/ogsa/}},
  owner = {yuma},
  url = {http://www.globus.org/ogsa/},
}

@INPROCEEDINGS{chimera,
  author = {Ian Foster and Jens Vöckler and Michael Wilde and Yong Zhao},
  title = {Chimera: A Virtual Data System for Representing, Querying, and Automating Data Derivation},
  booktitle = {14th International Conference on Scientific and Statistical Database Management (SSDBM)},
  year = {2002},
  note = {See also \url{http://www.griphyn.org/chimera/}},
  owner = {yuma},
  url = {http://www.griphyn.org/chimera/},
}

@TECHREPORT{sdss,
  author = {Jim Gray and Donald Slutz and Alexander Szalay and Ani Thakar and Jan vandenBerg and Peter Kunszt and Chris Stoughton},
  title = {Data Mining the {SDSS SkyServer} Database},
  institution = {Microsoft Research},
  year = {2002},
  number = {MSR-TR-2002-01},
  month = {January},
  note = {40 pages. See also \url{http://www.sdss.org/}},
  owner = {yuma},
  url = {http://www.sdss.org/},
}

@INCOLLECTION{roboscope,
  author = {R. Kent Honeycutt and George W. Turner},
  title = {Architecture of the Software for the Indiana CCD Automated Telescope},
  booktitle = {Robotic Telescopes in the 1990s},
  publisher = {ASP Conference Series},
  year = {1992},
  editor = {Alexei V. Filippenko},
  volume = {CS-34},
  note = {ISBN 0-937707-53-8},
  owner = {yuma},
}

@INPROCEEDINGS{eudatagrid,
  author = {Wolfgang Hoschek and Francisco Javier Janez and Asad Samar and Heinz Stockinger and Kurt Stockinger},
  title = {Data Management in an International Data Grid Project},
  booktitle = {Proceedings of the 1st IEEE/ACM International Workshop on Grid Computing},
  year = {2000},
  address = {India},
  publisher = {Springer Verlag Press, Germany},
  note = {See also {The DataGrid Project} \url{http://eu-datagrid.web.cern.ch/eu-datagrid/}},
  owner = {yuma},
  url = {http://eu-datagrid.web.cern.ch/eu-datagrid/},
}

@INPROCEEDINGS{hpss,
  author = {Harry Hulen and Otis Graf},
  title = {Storage Area Networks and the High Performance Storage System},
  booktitle = {10th NASA Goddard Conference on Mass Storage Systems},
  year = {2002},
  month = {April},
  note = {See also {High Performance Storage System} \url{http://www.hpss-collaboration.org/}},
  owner = {yuma},
  url = {http://www.hpss-collaboration.org/},
}

@INPROCEEDINGS{genegrid,
  author = {N. Kelly and P.V. Jithesh and David R. Simpson and P. Donachy and T. J. Harmer and R.H. Perrott and Jim Johnston and Paul Kerr and Mark McCurley and Shane McKee},
  title = {Bioinformatics Data and the Grid: The {GeneGrid} Data Manager},
  booktitle = {UK e-Science All Hands Meeting 2004 (AHM04)},
  year = {2004},
  month = {September},
  note = {See also \url{http://www.qub.ac.uk/escience/projects/genegrid/}},
  owner = {yuma},
  url = {http://www.qub.ac.uk/escience/projects/genegrid/},
}

@INPROCEEDINGS{sidl,
  author = {Scott Kohn and Gary Kumfert and Jeff Painter and Cal Ribbens},
  title = {Divorcing Language Dependencies from a Scientific Software Library},
  booktitle = {10th SIAM Conference on Parallel Processing},
  year = {2001},
  address = {Portsmouth, VA},
  month = {March 12-14},
  note = {LLNL document UCRL-JC-140349. See also \url {http://www.llnl.gov/CASC/components/babel.html}},
  owner = {yuma},
  url = {http://www.llnl.gov/CASC/components/babel.html},
}

@ARTICLE{bat,
  author = {Joseph Lattanzi and Shawn McNeeley and Wayne Pinover and Eric Horwitz and Indra Das and Timothy E. Schultheiss and Gerald E. Hanks},
  title = {A comparison of daily CT localization to a daily ultrasound-based system in prostate cancer},
  journal = {International Journal of Radiation Oncology*Biology*Physics},
  year = {1999},
  volume = {43},
  number = {4},
  pages = {719-725},
  month = {March},
  note = {See also \url  {http://www.nomos.com/page?id=1472}},
  owner = {yuma},
  url = {http://www.nomos.com/page?id=1472},
}

@TECHREPORT{platcom05,
  author = {Yu Ma and Randall Bramley and Sun Kim},
  title = {A Data Management Architecture for Computational Biology},
  institution = {Indiana University, Computer Science Department},
  year = {2005},
  number = {TR607},
  month = {January},
  note = {http://www.cs.indiana.edu/cgi-bin/techreports/TRNNN.cgi?trnum=TR607},
  owner = {yuma},
  url = {http://www.cs.indiana.edu/cgi-bin/techreports/TRNNN.cgi?trnum=TR607},
}

@INPROCEEDINGS{triana,
  author = {Shalil Majithia and Matthew Shields and Ian Taylor and Ian Wang},
  title = {Triana: A Graphical Web Service Composition and Execution Toolkit},
  booktitle = {IEEE International Conference on Web Services (ICWS'04)},
  year = {2004},
  address = {San Diego, CA},
  month = {June 06 - 09},
  owner = {yuma},
}

@BOOK{johnmay,
  title = {Parallel I/O for High Performance Computing},
  publisher = {Morgan Kaufmann Publishers, Inc},
  year = {2001},
  author = {John M. May},
  note = {366 pages},
  owner = {yuma},
}

@ARTICLE{McIlroy78,
  author = {M. D. McIlroy and E. N. Pinson and B. A. Tague},
  title = {Unix Time-Sharing System Forward},
  journal = {The Bell System Technical Journal},
  year = {1978},
  volume = {57},
  number = {6, part 2},
  pages = {1902},
  owner = {yuma},
}

@INPROCEEDINGS{cmcs,
  author = {James D. Myers and Thomas C. Allison and Sandra Bittner and Brett Didier and Michael Frenklach and William H. Green, Jr. and Yen-Ling Ho and John Hewson and Wendy Koegler and Carina Lansing and David Leahy and Michael Lee and Renata McCoy and Michael Minkoff and Sandeep Nijsure and Gregor von Laszewski and David Montoya and Carmen Pancerella and Reinhardt Pinzon and William Pitz and Larry A. Rahn and Branko Ruscic and Karen Schuchardt and Eric Stephan and Al Wagner and Theresa Windus and Christine Yang},
  title = {A Collaborative Informatics Infrastructure for Multi-scale Science},
  booktitle = {2nd International Workshop on Challenges of Large Applications in Distributed Environments (CLADE)},
  year = {2004},
  pages = {24-33},
  address = {Honolulu, HI},
  month = {June},
  owner = {yuma},
}

@ARTICLE{sam,
  author = {James D. Myers and Alan Chappell and Matthew Elder and Al Geist and Jens Schwidder},
  title = {Re-Integrating the Research Record},
  journal = {COMPUTING IN SCIENCE \& ENGINEERING},
  year = {2003},
  volume = {5},
  number = {3},
  pages = {44-50},
  month = {MAY/JUNE},
  note = {See also \url{http://www.scidac.org/SAM/}},
  owner = {yuma},
  url = {http://www.scidac.org/SAM/},
}

@INPROCEEDINGS{fasta,
  author = {W. R. Pearson and D. J. Lipman},
  title = {Improved Tools for Biological Sequence Comparison},
  booktitle = {Proceedings of the National Academy of Sciences USA},
  year = {1988},
  volume = {85},
  pages = {2444- 2448},
  month = {April},
  note = {See also \url{http://www.ebi.ac.uk/fasta33/}},
  owner = {yuma},
  url = {http://www.ebi.ac.uk/fasta33/},
}

@INPROCEEDINGS{pfaltz98,
  author = {John L. Pfaltz and Russell F. Haddleton and James C. French},
  title = {Scalable, Parallel, Scientific Databases},
  booktitle = {10th International Conference on Scientific and Statistical Database Management},
  year = {1998},
  editor = {Maurizio Rafanelli and Matthias Jarke},
  address = {Capri, Italy},
  month = {July 1-3},
  publisher = {IEEE Computer Society},
  owner = {yuma},
}

@INPROCEEDINGS{esg,
  author = {Line Pouchard and Luca Cinquini and Gary Strand},
  title = {The Earth System Grid Discovery and Semantic Web Technologies},
  booktitle = {Workshop on Semantic Web Technologies for Searching and Retrieving Scientific Data, 2nd International Semantic Web Conference},
  year = {2003},
  address = {Sundial Resort , Sanibel Island, Florida},
  month = {October 20},
  note = {See also {Earth System Grid} \url{https://www.earthsystemgrid.org/}},
  owner = {yuma},
  url = {https://www.earthsystemgrid.org/},
}

@ARTICLE{srb,
  author = {Arcot Rajasekar and Michael Wan and Reagan Moore and Wayne Schroeder and George Kremenek and Arun Jagatheesan and Charles Cowart and Bing Zhu and Sheau-Yen Chen and Roman Olschanowsky},
  title = {Storage Resource Broker - Managing Distributed Data in a Grid},
  journal = {Computer Society of India Journal, Special Issue on SAN},
  year = {2003},
  volume = {33},
  number = {4},
  pages = {42-54},
  month = {October},
  note = {See also \url{http://www.npaci.edu/DICE/SRB/}},
  owner = {yuma},
  url = {http://www.npaci.edu/DICE/SRB/},
}

@BOOK{salus94,
  title = {A Quarter-Century of Unix},
  publisher = {Addison-Wesley Professional},
  year = {1994},
  author = {Peter H. Salus},
  owner = {yuma},
}

@INPROCEEDINGS{fusiongrid,
  author = {D.P. Schissel and K. Keahey and T. Araki and J.R. Burruss and E. Feibush and S.M. Flanagan and T.W. Fredian and M.J. Greenwald and S.A. Klasky and T. Leggett and K. Li and D.C. McCune and P. Lane and M.E. Papka and Q. Peng and L. Randerson and A. Sanderson and J. Stillerman and M.R. Thompson and G. Wallace},
  title = {The National Fusion Collaboratory Project: Applying Grid Technology for Magnetic Fusion Research},
  booktitle = {Workshop on Case Studies on Grid Applications (GGF 10)},
  year = {2004},
  address = {Berlin, Germany},
  month = {March 13},
  note = {See also {The National FusionGrid} \url{http://www.fusiongrid.org/}},
  owner = {yuma},
  url = {http://www.fusiongrid.org/},
}

@ARTICLE{blastz,
  author = {Scott Schwartz and W. James Kent and Arian Smit and Zheng Zhang and Robert Baertsch and Ross C. Hardison and David Haussler and Webb Miller},
  title = {Human-Mouse Alignments with {BLASTZ}},
  journal = {Genome Research},
  year = {2003},
  volume = {13},
  number = {1},
  pages = {103-107},
  month = {January},
  note = {See also \url{http://bio.cse.psu.edu/}},
  owner = {yuma},
  url = {http://bio.cse.psu.edu/},
}

@BOOK{garlanshaw,
  title = {Software Architecture: Perspectives on an Emerging Discipline},
  publisher = {Prentice Hall Publishing},
  year = {1996},
  author = {Mary Shaw and David Garlan},
  note = {242 pages},
  owner = {yuma},
  url = {http://www-2.cs.cmu.edu/~able/publications/SoftArch/},
}

@INPROCEEDINGS{ppdg,
  author = {Alex Sim and Junmin Gu and Arie Shoshani and Vijaya Natarajan},
  title = {{DataMover}: Robust Terabyte-Scale Multi-file Replication over Wide-Area Networks},
  booktitle = {16th International Conference on Scientific and Statistical Database Management (SSDBM 2004)},
  year = {2004},
  address = {Santorini Island, Greece},
  month = {June 21-23},
  note = {See also {Particle Physics Data Grid} \url{http://www.ppdg.net/}},
  owner = {yuma},
  url = {http://www.ppdg.net/},
}

@INPROCEEDINGS{mcs03,
  author = {Gurmeet Singh and Shishir Bharathi and Ann Chervenak and Ewa Deelman and Carl Kesselman and Mary Manohar and Sonal Patil and Laura Pearlman},
  title = {A Metadata Catalog Service for Data Intensive Applications},
  booktitle = {Proceedings of the ACM/IEEE SC2003 Conference},
  year = {2003},
  address = {Phoenix, AZ},
  month = {November 15 - 21},
  owner = {yuma},
}

@ARTICLE{cog,
  author = {R.L. Tatusov and E.V. Koonin and D.J. Lipman},
  title = {A Genomic Perspective on Protein Families},
  journal = {Science},
  year = {1997},
  volume = {278},
  number = {5338},
  pages = {631-637},
  month = {October 24},
  note = {See also \url{http://www.ncbi.nlm.nih.gov/COG/}},
  owner = {yuma},
  url = {http://www.ncbi.nlm.nih.gov/COG/},
}

@ARTICLE{lims,
  author = {Colin G. Thurston},
  title = {{LIMS}/Instrument Integration Computing Architecture for Improved Automation and Flexibility},
  journal = {American Laboratory},
  year = {2004},
  month = {September},
  note = {See also \url{http://www.thermo.com/informatics}},
  owner = {yuma},
  url = {http://www.thermo.com/informatics},
}

@INPROCEEDINGS{gsi,
  author = {V. Welch and F. Siebenlist and I. Foster and J. Bresnahan and K. Czajkowski and J. Gawor and C. Kesselman and S. Meder and L. Pearlman and S. Tuecke},
  title = {Security for Grid Services},
  booktitle = {12th International Symposium on High Performance Distributed Computing (HPDC-12)},
  year = {2003},
  address = {Seattle, WA},
  month = {June 22-24},
  note = {See also {The Grid Security Infrastructure} \url{http://www.globus.org/security/}},
  owner = {yuma},
  url = {http://www.globus.org/security/},
}

@ARTICLE{fits,
  author = {D. C. Wells and E.W. Greisen and R. H. Harten},
  title = {{FITS}: A Flexible Image Transport System},
  journal = {Astronomy \& Astrophysics Supplement Series},
  year = {1981},
  volume = {44},
  pages = {363-370},
  month = {June},
  note = {See also {FITS: The Astronomical Image and Table Format} \url{http://fits.gsfc.nasa.gov/}},
  owner = {yuma},
  url = {http://fits.gsfc.nasa.gov/},
}

@INPROCEEDINGS{webdav,
  author = {Jim Whitehead and Yaron Y. Goland},
  title = {{WebDAV}: A network protocol for remote collaborative authoring on the Web},
  booktitle = {6th European Conference on Computer Supported Cooperative Work (ECSCW'99)},
  year = {1999},
  address = {Copenhagen, Denmark},
  month = {September 12-16},
  note = {See also \url{http://www.webdav.org/}},
  owner = {yuma},
  url = {http://www.webdav.org/},
}

@ARTICLE{dimes,
  author = {Ruixin Yang and Menas Kafatos and Brian Doty and James L. Kinter III and Long Pham},
  title = {A Distributed Enhanced Server for Multidimensional Scientific Data},
  journal = {Computing in Science \& Engineering},
  year = {2003},
  volume = {5},
  number = {2},
  pages = {44-52},
  month = {March/April},
  owner = {yuma},
}

@BOOK{grid,
  title = {The Grid: Blueprint for a New Computing Infrastructure},
  publisher = {Morgan Kaufmann Publishers, Inc.},
  year = {1999},
  editor = {Ian Foster and Carl Kesselman},
  address = {San Franscisco, CA},
  owner = {yuma},
}

@BOOK{odbc,
  title = {The {ODBC} Solution, Open Database Connectivity in Distributed Environments},
}

@MISC{slide,
  title = {{Slide}},
  howpublished = {\url{http://jakarta.apache.org/slide/}},
  note = {The Jakarta Project},
  owner = {yuma},
  url = {http://jakarta.apache.org/slide/},
}

@MISC{netcdf,
  title = {{NetCDF}},
  howpublished = {\url{http://unidata.ucar.edu/packages/netcdf/}},
  note = {UniData Program Center},
  owner = {yuma},
  url = {http://unidata.ucar.edu/packages/netcdf/},
}

@MISC{bruker,
  title = {{Bruker AXS}},
  howpublished = {\url{http://www.bruker-axs.de/}},
  note = {Bruker Instruments},
  owner = {bramley},
  url = {http://www.bruker-axs.de/},
}

@MISC{hdf,
  title = {The {NCSA HDF} Home Page},
  howpublished = {\url{http://hdf.ncsa.uiuc.edu/}},
  note = {The National Center for Supercomputing Applications},
  owner = {yuma},
  url = {http://hdf.ncsa.uiuc.edu/},
}

@MISC{recipnet,
  title = {{Reciprocal Net}},
  howpublished = {\url{http://www.reciprocalnet.org/}},
  note = {Reciprocal Net},
  owner = {bramley},
  url = {http://www.reciprocalnet.org/},
}

@MISC{gridftp,
  title = {The {GridFTP} Protocol and Software},
  howpublished = {\url{http://www.globus.org/datagrid/gridftp.html}},
  note = {The Globus Alliance},
  owner = {yuma},
  url = {http://www.globus.org/datagrid/gridftp.html},
}

@MISC{griphyn,
  title = {Grid Physics Network},
  howpublished = {\url{http://www.griphyn.org/}},
  note = {The GriPhyN Project},
  owner = {yuma},
  url = {http://www.griphyn.org/},
}

@MISC{kegg,
  title = {{KEGG}: Kyoto Encyclopedia of Genes and Genomes},
  howpublished = {\url{http://www.genome.jp/kegg/}},
  note = {Kanehisa Laboratory},
  owner = {yuma},
  url = {http://www.genome.jp/kegg/},
}

@MISC{maui,
  title = {Maui Cluster Scheduler},
  howpublished = {\url{http://www.clusterresources.com/products/maui/}},
  note = {Cluster Resources, Inc.},
  owner = {yuma},
  url = {http://www.clusterresources.com/products/maui/},
}

@MISC{mcat,
  title = {{MCAT} - A Meta Information Catalog},
  howpublished = {\url{http://www.npaci.edu/DICE/SRB/mcat.html}},
  note = {San Diego Supercomputer Center, NPACI Data Intensive Computing Environment},
  owner = {yuma},
  url = {http://www.npaci.edu/DICE/SRB/mcat.html},
}

@MISC{mysql,
  title = {{MySQL}},
  howpublished = {\url{http://www.mysql.com/}},
  note = {MySQL Inc.},
  owner = {yuma},
  url = {http://www.mysql.com/},
}

@MISC{magda,
  title = {Magda - Manager for Grid-based Data},
  howpublished = {\url{http://www.atlasgrid.bnl.gov/magda/info}},
  note = {Brookhaven National Laboratory},
  owner = {yuma},
  url = {http://www.atlasgrid.bnl.gov/magda/info},
}

@MISC{egee,
  title = {{EGEE}: Enabling Grids for E-science in Europe},
  howpublished = {\url{http://egee-intranet.web.cern.ch/egee-intranet/gateway.html}},
  note = {European Union},
  owner = {yuma},
  url = {http://egee-intranet.web.cern.ch/egee-intranet/gateway.html},
}

@MISC{atlas,
  title = {{USAtlas} Grid Testbed},
  howpublished = {\url{http://www.atlasgrid.bnl.gov/}},
  note = {Brookhaven National Laboratory},
  owner = {yuma},
  url = {http://www.atlasgrid.bnl.gov/},
}

@MISC{pbs,
  title = {{PBS Pro}},
  howpublished = {\url{http://www.pbspro.com/}},
  note = {Altair Grid Technologies},
  owner = {yuma},
  url = {http://www.pbspro.com/},
}

@MISC{postgre,
  title = {{PostgreSQL}},
  howpublished = {\url{http://www.postgresql.org/}},
  note = {PostgreSQL Global Development Group},
  owner = {yuma},
  url = {http://www.postgresql.org/},
}


@inproceedings{cca-paper,
author  = "Rob Armstrong and Dennis Gannon and Al Geist and
          Katarzyna Keahey and Scott R. Kohn and Lois
          McInnes and Steve R. Parker and Brent A. Smolinski",
title   = "Toward a Common Component Architecture for
           High-Performance Scientific Computing",
booktitle = "{HPDC}",
year    = "1999",
url     = "citeseer.nj.nec.com/armstrong99toward.html"
}


@Misc{cca-report,
author = "CCA-Forum",
title = "The {DOE} Common Component Architecture Project",
year = 2000,
month = {},
howpublished = {\url{http://www.extreme.indiana.edu/~gannon/cca_report.html}}
}

@INPROCEEDINGS{sidl,
author = {Scott Kohn and Gary Kumfert and Jeff Painter and Cal Ribbens},
title = {Divorcing Language Dependencies from a Scientific Software
            Library},
booktitle = {10th SIAM Conference on Parallel Processing},
year = {2001},
address = {Portsmouth, VA},
month = {March 12-14},
note = {LLNL document UCRL-JC-140349. See also \url
                      {http://www.llnl.gov/CASC/components/babel.html}}
}


@inbook{lsa_book,
    Author = "Randall Bramley and Dennis Gannon and Thomas Stuckey and Juan Villacis and
        Esra Akman and Jayashree Balasubramanian and Fabian Breg and Shridhar Diwan and
        Madhu Govindaraju",
    title = "The Linear System Analyzer",
    pages="123--134",
    booktitle="Enabling Technologies for Computational Science",
    publisher="Kluwer",
    year="2000"
}

@Misc{jpype,
author = " Steve Menard",
title = "JPype- Java to Python Integration",
howpublished = {\url{http://jpype.sourceforge.net/index.html}}
}


@Misc{wsmg,
author = "Extreme Lab, Indiana University",
title = "WS-Messenger",
howpublished = {\url{http://www.extreme.indiana.edu/xgws/messenger/index.html}}
}

@INPROCEEDINGS{wsmgpaper,
author = {Y. Huang, A. Slominski, C. Herath, and D. Gannon},
title = {WS-Messenger: A Web Services based Messaging System for Service-Oriented Grid Computing},
booktitle = {6th IEEE International Symposium on Cluster Computing and the Grid},
year = {2006},
address = {Singapore, China},
month = {May 16-19}
}

@INPROCEEDINGS{lead,
author = {Beth Plale, Dennis Gannon, Dan Reed, Sara Graves, Kelvin Droegemeier, Bob Wilhelmson, and Mohan Ramamurthy},
title = {Towards Dynamically Adaptive Weather Analysis and Forecasting in LEAD},
booktitle = {ICCS Workshop on Dynamic Data Driven Applications},
year = {2005},
address = {Atlanta, GA},
month = {May 22-25}
}

@INPROCEEDINGS{obsidian,
author = {Yu Ma and Randall Bramley},
title = {A Composable Data Management Architecture for Scientific Applications},
booktitle = {Challenges of Large Applications in Distributed Environments (CLADE)},
year = {2005},
pages = {35-44},
address = {Research Triangle Park, NC},
month = {July},
owner = {yuma},
}

@MISC{mdsplus,
author = {},
title = {{MDSplus}},
howpublished = {\url{http://www.mdsplus.org/}},
note = {Massachusetts Institute of Technology, Center for Nuclear Resarch (Padua, Italy) , Los Alamos National Lab},
owner = {yuma},
url = {http://www.mdsplus.org/},
}
